<?xml version="1.0" encoding="UTF-8"?>
<collection xmlns:xsi="http://www.w3.org/2001/XMLSchema-instance" xsi:schemaLocation="http://www.loc.gov/MARC21/slim http://www.loc.gov/standards/marcxml/schema/MARC21slim.xsd" xmlns="http://www.loc.gov/MARC21/slim">
<record>
  <leader>01290cam a2200289   4500</leader>
  <controlfield tag="001">3127641</controlfield>
  <controlfield tag="003">NNC</controlfield>
  <controlfield tag="005">20130426134908.0</controlfield>
  <controlfield tag="008">011101s1937    sy h     b    000 0 arard</controlfield>
  <datafield tag="010" ind1=" " ind2=" ">
    <subfield code="a">   68000989 </subfield>
  </datafield>
  <datafield tag="035" ind1=" " ind2=" ">
    <subfield code="a">(OCoLC)ocm48251766</subfield>
  </datafield>
  <datafield tag="035" ind1=" " ind2=" ">
    <subfield code="9">ATW1401CU</subfield>
  </datafield>
  <datafield tag="035" ind1=" " ind2=" ">
    <subfield code="a">(NNC)3127641</subfield>
  </datafield>
  <datafield tag="040" ind1=" " ind2=" ">
    <subfield code="a">ZCU</subfield>
    <subfield code="c">ZCU</subfield>
  </datafield>
  <datafield tag="090" ind1=" " ind2=" ">
    <subfield code="a">PJ6819</subfield>
    <subfield code="b">.I2 1937</subfield>
  </datafield>
  <datafield tag="100" ind1="1" ind2=" ">
    <subfield code="a">Ibn al-Ḥanbalī, Muḥammad ibn Ibrāhīm,</subfield>
    <subfield code="d">1502 or 1503-1563.</subfield>
  </datafield>
  <datafield tag="245" ind1="1" ind2="0">
    <subfield code="a">Baḥr al-ʻawwām fī-mā aṣāba fīhi al-ʻawwām,</subfield>
    <subfield code="c">li-Muḥammad ibn Ibrāhīm al-maʻrūf bi-Ibn al-Ḥanbalī al-Ḥalabī. ʻUniya bi-nashrihi wa-taḥqīqihi maʻ waḍʻ muqaddimatihi ʻIzz al-Dīn al-Tanūkhī.</subfield>
  </datafield>
  <datafield tag="260" ind1=" " ind2=" ">
    <subfield code="a">Dimashq,</subfield>
    <subfield code="b">Maṭbaʻat Ibn Zaydūn,</subfield>
    <subfield code="c">1937.</subfield>
  </datafield>
  <datafield tag="300" ind1=" " ind2=" ">
    <subfield code="a">120 p.</subfield>
    <subfield code="b">facsims.</subfield>
    <subfield code="c">28 cm.</subfield>
  </datafield>
  <datafield tag="490" ind1="1" ind2=" ">
    <subfield code="a">Maṭbūʻāt al-Majmaʻ al-ʻIlmī al-ʻArabī bi-Dimashq ;</subfield>
    <subfield code="v">10</subfield>
  </datafield>
  <datafield tag="500" ind1=" " ind2=" ">
    <subfield code="a">Cover title: Bahr ul-awwam fi ma asaba fihil iʻwam, Le livre des locutions corectes, de Muhammad ibn Ibrahim el Hanbali.</subfield>
  </datafield>
  <datafield tag="504" ind1=" " ind2=" ">
    <subfield code="a">Bibliographical footnotes.</subfield>
  </datafield>
  <datafield tag="650" ind1=" " ind2="0">
    <subfield code="a">Arabic language</subfield>
    <subfield code="x">Dialects</subfield>
    <subfield code="z">Syria.</subfield>
  </datafield>
  <datafield tag="700" ind1="1" ind2=" ">
    <subfield code="a">Tanūkhī, ʻIzz al-Dīn.</subfield>
  </datafield>
  <datafield tag="740" ind1="0" ind2="1">
    <subfield code="a">Bahr ul-awwam fi ma asaba fihil Iʻwam.</subfield>
  </datafield>
  <datafield tag="830" ind1=" " ind2="0">
    <subfield code="a">Maṭbūʻāt al-Majmaʻ al-ʻIlmī al-ʻArabī bi-Dimashq ;</subfield>
    <subfield code="v">10.</subfield>
  </datafield>
  <datafield tag="955" ind1=" " ind2=" ">
    <subfield code="b">0061923346</subfield>
    <subfield code="d">glx</subfield>
    <subfield code="e">PJ6819 .I2 1937</subfield>
  </datafield>
</record>
</collection>